@misc{ms:public-hols,
  author = {Microsoft},
  title  = {Public Holidays - Azure Open Datasets | Microsoft Learn},
  year   = {2022},
  url    = {https://learn.microsoft.com/en-us/azure/open-datasets/dataset-public-holidays?tabs=azureml-opendatasets}
}

@misc{kaggle:lockdowns,
  author = {Kaggle user "jcyzag"},
  title  = {COVID-19 Lockdown dates by country | Kaggle},
  year   = {2020},
  url    = {https://www.kaggle.com/datasets/jcyzag/covid19-lockdown-dates-by-country}
}